<record><leader>00000cas a2200000 a 4500</leader><controlfield tag="001">12956682</controlfield><controlfield tag="008">851227d18951928azudr ne      0    0eng d</controlfield><datafield ind1=" " ind2=" " tag="010"><subfield code="a">sn 85032940 </subfield></datafield><datafield ind1=" " ind2=" " tag="040"><subfield code="a">KSH</subfield><subfield code="b">eng</subfield><subfield code="c">KSH</subfield><subfield code="d">NPT</subfield><subfield code="d">YOX</subfield><subfield code="d">MQN</subfield><subfield code="d">ANU</subfield><subfield code="d">CNK</subfield><subfield code="d">ANN</subfield><subfield code="d">OCLCQ</subfield><subfield code="d">KRTAS</subfield><subfield code="d">OCLCQ</subfield><subfield code="d">OCLCF</subfield><subfield code="d">OCLCO</subfield></datafield><datafield ind1="1" ind2=" " tag="029"><subfield code="a">AU@</subfield><subfield code="b">000020234176</subfield></datafield><datafield ind1=" " ind2=" " tag="042"><subfield code="a">msc</subfield></datafield><datafield ind1=" " ind2=" " tag="043"><subfield code="a">n-us-az</subfield></datafield><datafield ind1="0" ind2=" " tag="130"><subfield code="a">Arizona gazette (Phoenix, Ariz. : 1895 : Daily)</subfield></datafield><datafield ind1="1" ind2="4" tag="245"><subfield code="a">The Arizona gazette.</subfield></datafield><datafield ind1="1" ind2="7" tag="246"><subfield code="a">Arizona daily gazette</subfield></datafield><datafield ind1=" " ind2=" " tag="260"><subfield code="a">Phoenix, Ariz. :</subfield><subfield code="b">Arizona Gazette Co.,</subfield><subfield code="c">-1928.</subfield></datafield><datafield ind1=" " ind2=" " tag="300"><subfield code="a">v. :</subfield><subfield code="b">ill. ;</subfield><subfield code="c">49 cm.</subfield></datafield><datafield ind1=" " ind2=" " tag="310"><subfield code="a">Daily</subfield></datafield><datafield ind1="1" ind2=" " tag="362"><subfield code="a">Began Jan. 1895.</subfield></datafield><datafield ind1="0" ind2=" " tag="362"><subfield code="a">-v. 49, no. 14 (Nov. 16, 1928).</subfield></datafield><datafield ind1=" " ind2=" " tag="588"><subfield code="a">Description based on: Vol. 29, no, 12 (Jan. 15, 1895).</subfield></datafield><datafield ind1=" " ind2="0" tag="651"><subfield code="a">Phoenix (Ariz.)</subfield><subfield code="v">Newspapers.</subfield></datafield><datafield ind1=" " ind2="0" tag="651"><subfield code="a">Maricopa County (Ariz.)</subfield><subfield code="v">Newspapers.</subfield></datafield><datafield ind1=" " ind2="7" tag="655"><subfield code="a">Newspapers.</subfield><subfield code="2">fast</subfield><subfield code="0">(OCoLC)fst01423814</subfield></datafield><datafield ind1=" " ind2="7" tag="651"><subfield code="a">Arizona</subfield><subfield code="z">Maricopa County.</subfield><subfield code="2">fast</subfield><subfield code="0">(OCoLC)fst01217111</subfield></datafield><datafield ind1=" " ind2="7" tag="651"><subfield code="a">Arizona</subfield><subfield code="z">Phoenix.</subfield><subfield code="2">fast</subfield><subfield code="0">(OCoLC)fst01213753</subfield></datafield><datafield ind1=" " ind2=" " tag="752"><subfield code="a">United States</subfield><subfield code="b">Arizona</subfield><subfield code="c">Maricopa</subfield><subfield code="d">Phoenix.</subfield></datafield><datafield ind1="0" ind2=" " tag="775"><subfield code="t">Arizona gazette (Phoenix, Ariz. : 1897 : Weekly)</subfield><subfield code="w">(DLC)sn 97060105</subfield><subfield code="w">(OCoLC)36553598</subfield></datafield><datafield ind1="0" ind2=" " tag="775"><subfield code="t">Saturday review (Phoenix, Ariz. : 1902)</subfield><subfield code="w">(DLC)sn 96060886</subfield><subfield code="w">(OCoLC)35721728</subfield></datafield><datafield ind1="0" ind2=" " tag="775"><subfield code="t">Arizona weekly gazette (Phoenix, Ariz. : 1910)</subfield><subfield code="w">(DLC)sn 91050126</subfield><subfield code="w">(OCoLC)4314620</subfield></datafield><datafield ind1="0" ind2=" " tag="775"><subfield code="t">Arizona weekly gazette (Phoenix, Ariz. : 1892)</subfield><subfield code="w">(OCoLC)36553741</subfield></datafield><datafield ind1="0" ind2=" " tag="775"><subfield code="t">Arizona stock journal</subfield><subfield code="w">(DLC)sn 96060625</subfield><subfield code="w">(OCoLC)37558502</subfield></datafield><datafield ind1="0" ind2="0" tag="780"><subfield code="t">Arizona daily gazette</subfield><subfield code="w">(DLC)sn 96064400</subfield><subfield code="w">(OCoLC)34612666</subfield></datafield><datafield ind1="0" ind2="4" tag="780"><subfield code="t">Arizona democrat (Phoenix, Ariz. : 1901)</subfield><subfield code="w">(DLC)sn 96064393</subfield></datafield><datafield ind1="0" ind2="0" tag="785"><subfield code="t">Phoenix evening gazette</subfield><subfield code="w">(DLC)sn 91050130</subfield><subfield code="w">(OCoLC)24222806</subfield></datafield><datafield ind1=" " ind2=" " tag="938"><subfield code="a">Kirtas Technologies, Inc.</subfield><subfield code="b">KRTS</subfield><subfield code="n">739502</subfield></datafield></record>